<record><leader>00000cas a2200000 a 4500</leader><controlfield tag="001">34764624</controlfield><controlfield tag="008">960521d19uu19uucauwr ne      0    0eng c</controlfield><datafield ind1=" " ind2=" " tag="010"><subfield code="a">sn 96062717 </subfield></datafield><datafield ind1=" " ind2=" " tag="040"><subfield code="a">CNK</subfield><subfield code="b">eng</subfield><subfield code="c">CNK</subfield><subfield code="d">OCLCQ</subfield><subfield code="d">OCLCF</subfield><subfield code="d">OCLCO</subfield></datafield><datafield ind1=" " ind2=" " tag="042"><subfield code="a">pcc</subfield></datafield><datafield ind1=" " ind2=" " tag="043"><subfield code="a">n-us-ca</subfield></datafield><datafield ind1="0" ind2="0" tag="245"><subfield code="a">Lynwood herald American.</subfield></datafield><datafield ind1="3" ind2=" " tag="246"><subfield code="a">Herald American</subfield></datafield><datafield ind1=" " ind2=" " tag="260"><subfield code="a">Compton [Calif.] :</subfield><subfield code="b">Herald Pub. Co.</subfield></datafield><datafield ind1=" " ind2=" " tag="300"><subfield code="a">v.</subfield></datafield><datafield ind1=" " ind2=" " tag="310"><subfield code="a">Weekly,</subfield><subfield code="b">Oct. 5, 1972-&lt;June 24, 1976&gt;</subfield></datafield><datafield ind1=" " ind2=" " tag="321"><subfield code="a">Semiweekly,</subfield><subfield code="b">&lt;Feb. 28, 1952&gt;-Sept. 28, 1972</subfield></datafield><datafield ind1=" " ind2=" " tag="500"><subfield code="a">"Lynwood" appears in small print above "Herald American," &lt;Feb. 28, 1952-Dec. 30, 1956&gt; and &lt;Jan. 4, 1968-June 24, 1976&gt;</subfield></datafield><datafield ind1=" " ind2=" " tag="580"><subfield code="a">Published in several local editions.</subfield></datafield><datafield ind1=" " ind2=" " tag="588"><subfield code="a">Description based on: Vol. 16, no. 42 (Feb. 28, 1952).</subfield></datafield><datafield ind1=" " ind2="0" tag="651"><subfield code="a">Lynwood (Calif.)</subfield><subfield code="v">Newspapers.</subfield></datafield><datafield ind1=" " ind2="7" tag="655"><subfield code="a">Newspapers.</subfield><subfield code="2">fast</subfield><subfield code="0">(OCoLC)fst01423814</subfield></datafield><datafield ind1=" " ind2="7" tag="651"><subfield code="a">California</subfield><subfield code="z">Lynwood.</subfield><subfield code="2">fast</subfield><subfield code="0">(OCoLC)fst01219040</subfield></datafield><datafield ind1=" " ind2=" " tag="752"><subfield code="a">United States</subfield><subfield code="b">California</subfield><subfield code="c">Los Angeles</subfield><subfield code="d">Compton.</subfield></datafield></record>